@standard{standard:3gpp.23.228,
  author = "3GPP",
  title = "IP Multimedia Subsystem (IMS); Stage 2",
  organization = "3rd Generation Partnership Project (3GPP)",
  type = "TR",
  number = "23.228",
  month = jun,
  year = 2006,
  url = "http://www.3gpp.org/ftp/Specs/html-info/23228.htm",
}

@standard{standard:3gpp.24.880,
  author = "3GPP",
  title = "Media server control using the IP Multimedia (IM) Core Network (CN) subsystem; Stage 3",
  organization = "3rd Generation Partnership Project (3GPP)",
  type = "TR",
  number = "24.880",
  month = jun,
  year = 2008,
  url = "http://www.3gpp.org/ftp/Specs/html-info/24880.htm",
}

@book{book:softswitch.and.ims.technology,
  author        = "Fangchun YANG and Qibo SUN",
  title         = "Softswitch and IMS Technology",
  publisher     = "Beijing University of Posts and Telecommunications Press",
  year          = "2007",
}

@electronic{site:open.ims.core,
  author        = "FOKUS",
  title         = "Mobicents JAIN SLEE",
  url           = "http://www.mobicents.org/slee/intro.html",
  month         = jul,
  year          = "2013"
}

@electronic{site:mrcp4j,
  author        = "SpeechForge",
  title         = "Welcome to MRCP4J",
  url           = "http://www.speechforge.org/projects/mrcp4j/",
  month         = jul,
  year          = "2013"
}

@electronic{site:jvoicexml,
  author        = "JVoiceXML",
  title         = "JVoiceXML - The Open Source VoiceXML Interpreter",
  url           = "http://jvoicexml.sourceforge.net/",
  month         = jul,
  year          = "2013"
}

@electronic{site:unimrcp,
  author        = "UniMRCP",
  title         = "UniMRCP",
  url           = "http://www.unimrcp.org",
  month         = jul,
  year          = "2013"
}

@electronic{site:mobicents.jain.slee,
  author        = "Mobicents",
  title         = "OpenIMSCore.org | The Open Source IMS Core Project",
  url           = "http://www.openimscore.org/",
  month         = jul,
  year          = "2013"
}

@electronic{site:doubango,
  author        = "Doubango Telecom.",
  title         = "Doubango - open source 3GPP IMS/LTE framework for embedded systems",
  url           = "http://doubango.org/",
  month         = jul,
  year          = "2013"
}

@electronic{site:voxeo.prophecy,
  author        = "Voxeo",
  title         = "Voxeo Prophecy | Voxeo Products",
  url           = "http://voxeo.com/products/voxeo-prophecy/",
  month         = jul,
  year          = "2013"
}

@electronic{site:zanzibar.openivr,
  author        = "SpokenTech",
  title         = "openIVR - Overview",
  url           = "http://www.spokentech.org/",
  month         = jul,
  year          = "2013"
}

@misc{misc:rfc3435,
  author = "F. Andreasen and B. Foster",
  title = "Media Gateway Control Protocol (MGCP) Version 1.0",
  organization = "Internet Engineering Task Force",
  howpublished = "RFC 3435",
  month = jan,
  year = 2003,
  url = "http://www.ietf.org/rfc/rfc3435.txt",
}

@misc{misc:rfc4463,
  author = "S. Shanmugham and P. Monaco and B. Eberman",
  title = "A Media Resource Control Protocol (MRCP) Developed by Cisco, Nuance, and Speechworks",
  organization = "Internet Engineering Task Force",
  howpublished = "RFC 4463",
  month = apr,
  year = 2006,
  url = "http://www.ietf.org/rfc/rfc4463.txt",
}

@misc{misc:rfc6787,
  author = "D. Burnett and S. Shanmugham",
  title = "Media Resource Control Protocol Version 2 (MRCPv2)",
  organization = "Internet Engineering Task Force",
  howpublished = "RFC 6787",
  month = nov,
  year = 2012,
  url = "http://www.ietf.org/rfc/rfc6787.txt",
}

@misc{misc:rfc5567,
  author = "T. Melanchuk",
  title = "An Architectural Framework for Media Server Control",
  organization = "Internet Engineering Task Force",
  howpublished = "RFC 5567",
  month = jun,
  year = 2009,
  url = "http://www.ietf.org/rfc/rfc5567.txt",
}

@misc{misc:voice.extensible.markup.language,
  author = "Scott McGlashanand and Daniel C. Burnett and Jerry Carter and Peter Danielsen and Jim Ferrans and Andrew Hunt and Bruce Lucas and Brad Porter and Ken Rehor and Steph Tryphonas",
  title = "Voice Extensible Markup Language (VoiceXML) Version 2.0",
  organization = "World Wide Web Consortium",
  month = mar,
  year = 2004,
  howpublished = "REC-voicexml20-20040316",
  url = "http://www.w3.org/TR/voicexml20",
}

@misc{misc:voice.browser.call.control,
  author = "RJ Auburn and Paolo Baggia and Mark Scott",
  title = "Voice Browser Call Control: CCXML Version 1.0",
  organization = "World Wide Web Consortium",
  month = jul,
  year = 2011,
  howpublished = "REC-ccxml-20110705",
  url = "http://www.w3.org/TR/ccxml",
}

@misc{misc:state.chart.xml,
  author = "Jim Barnett and Rahul Akolkar and RJ Auburn and Michael Bodell and Daniel C. Burnett and Jerry Carter and Scott McGlashan and Torbjšrn Lager and Mark Helbing and Rafah Hosn and T.V. Raman and Klaus Reifenrath and No'am Rosenthal and Johan Roxendal",
  title = "State Chart XML (SCXML): State Machine Notation for Control Abstraction",
  organization = "World Wide Web Consortium",
  month = aug,
  year = 2013,
  howpublished = "WD-scxml-20130801",
  url = "http://www.w3.org/TR/scxml",
}

@standard{standard:jslee.v11.specification,
  author = "David Ferry and Phelim ODoherty",
  title = "JAIN SLEE (JSLEE) 1.1 Specification, Final Release",
  type = "Java Specification Requests",
  organization = "Open Cloud and Sun Microsystems, Inc",
  number = 240,
  month = jul,
  year = 2008,
  url = "http://www.jcp.org/en/jsr/detail?id=240",
}

@inproceedings{Chrighton:2007gt,
author = {Chrighton, C and Long, D T and Page, D C},
title = {{JAIN SLEE vs SIP Servlet Which is the best choice for an IMS application server?}},
booktitle = {Telecommunication Networks and Applications Conference, 2007. ATNAC 2007. Australasian},
year = {2007},
pages = {448--453}
}